@article{article,
	author = {Vázquez-Méndez, Miguel and Casal Urcera, Gerardo},
	year = {2016},
	month = {08},
	pages = {04016005:1-9},
	title = {The Clothoid Computation: A Simple and Efficient Numerical Algorithm},
	volume = {142},
	booktitle = {Journal of Surveying Engineering}
}


@article{dstarlite,
  author    = {Sven Koenig and
               Maxim Likhachev},
  title     = {Fast replanning for navigation in unknown terrain},
  journal   = {{IEEE} Transactions on Robotics},
  year      = {2005}
}

@article{odorcva,
  author    = {RCVA},
  title = {Odométrie},
  year = {2010}
}

@techreport{cloth,
  title={Path generation for robot vehicles using composite clothoid segments},
  author={Shin, Dong H and Singh, Sanjiv},
  year={1990}
}

@techreport{samson,
  TITLE = {{Trajectory tracking for unicycle-type and two-steering-wheels mobile robots}},
  AUTHOR = {Micaelli, Alain and Samson, Claude},
  YEAR = {1993}
}

@article{reeds1990optimal,
  title={Optimal paths for a car that goes both forwards and backwards},
  author={Reeds, James and Shepp, Lawrence},
  journal={Pacific journal of mathematics},
  year={1990}
}

@article{connor2014interpolation,
  title={Interpolation of two-dimensional curves with Euler spirals},
  author={Connor, Dale and Krivodonova, Lilia},
  journal={Journal of Computational and Applied Mathematics},
  year={2014},
}

@phdthesis{gauthier1999utilisation,
  title={Utilisation des r{\'e}seaux de neurones artificiels pour la commande d'un v{\'e}hicule autonome},
  author={Gauthier, Eric},
  year={1999},
  school={Institut National Polytechnique de Grenoble-INPG}
}

@article{koh1999smooth,
  title={A smooth path tracking algorithm for wheeled mobile robots with dynamic constraints},
  author={Koh, Kyoung Chul and Cho, Hyung Suck},
  journal={Journal of Intelligent and Robotic Systems},
  year={1999}
}

@article{samson1995control,
  title={Control of chained systems application to path following and time-varying point-stabilization of mobile robots},
  author={Samson, Claude},
  journal={Automatic Control, IEEE Transactions on},
  year={1995}
}

@techreport{baass1982use,
  title={USE OF CLOTHOID TEMPLATES IN HIGHWAY DESIGN},
  author={Baass, KG},
  year={1982}
}

@inproceedings{wilde2009computing,
  title={Computing clothoid segments for trajectory generation},
  author={Wilde, Doran K},
  booktitle={Intelligent Robots and Systems, 2009. IROS 2009. IEEE/RSJ International Conference on},
  year={2009}
}

@article{bertolazzi2012fast,
  title={Fast and accurate clothoid fitting},
  author={Bertolazzi, Enrico and Frego, Marco},
  journal={arXiv preprint arXiv:1209.0910},
  year={2012}
}

@article{knowles2006real,
  title={Real time continuous curvature path planner for an autonomous vehicle in an urban environment},
  author={Knowles, David},
  journal={California Institute of Technology, Tech. Rep},
  year={2006}
}

@article{walton2005controlled,
  title={A controlled clothoid spline},
  author={Walton, Desmond J and Meek, Dereck S},
  journal={Computers \& Graphics},
  year={2005}
}

@article{degtiariova1998irregularity,
  title={Irregularity of optimal trajectories in a control problem for a car-like robot},
  author={Degtiariova-Kostova, Elena and Kostov, Vladimir},
  year={1998}
}

@inproceedings{baran2010sketching,
  title={Sketching clothoid splines using shortest paths},
  author={Baran, Ilya and Lehtinen, Jaakko and Popovi{\'c}, Jovan},
  booktitle={Computer Graphics Forum},
  year={2010}
}
